
@article{4H07,
  title={Quantum entanglement},
  author={Horodecki, Ryszard and Horodecki, Pawe{\l} and Horodecki, Micha{\l} and Horodecki, Karol},
  journal={Reviews of modern physics},
  volume={81},
  number={2},
  pages={865},
  year={2009},
  publisher={APS}
}

@book{NC10,
  title={Quantum computation and quantum information},
  author={Nielsen, Michael A and Chuang, Isaac L},
  year={2010},
  publisher={Cambridge university press}
}

@online{bkNot,
author = {Wikipedia contributors},
title = {Bra-ket notation},
year = {2018},
url = { https://en.wikipedia.org/w/index.php?title=Bra%E2%80%93ket_notation&oldid=830232271},
OPTdate = {13 March 2018 15:51 UTC},
OPTurldate = {7 April 2018 14:16 UTC},
}

@thesis{Han13,
author = {Arne Hansen},
title = {Swapped Bound Entanglement},
type = {Master Thesis},
institution = {ETHZ},
year = {2013},
}

@inproceedings{GisWolf00,
  title={Linking classical and quantum key agreement: is there “bound information”?},
  author={Gisin, Nicolas and Wolf, Stefan},
  booktitle={Annual International Cryptology Conference},
  pages={482--500},
  year={2000},
  organization={Springer}
}

@article{DH76,
  title={New directions in cryptography},
  author={Diffie, Whitfield and Hellman, Martin},
  journal={IEEE transactions on Information Theory},
  volume={22},
  number={6},
  pages={644--654},
  year={1976},
  publisher={IEEE}
}

@inproceedings{RW03,
  title={New bounds in secret-key agreement: The gap between formation and secrecy extraction},
  author={Renner, Renato and Wolf, Stefan},
  booktitle={International Conference on the Theory and Applications of Cryptographic Techniques},
  pages={562--577},
  year={2003},
  organization={Springer}
}
